@book{klenke2013probability,
  title={Probability Theory: A Comprehensive Course},
  author={Klenke, A.},
  isbn={9781447153603},
  lccn={2013945095},
  series={Universitext},
  url={https://books.google.co.in/books?id=eTYMnQEACAAJ},
  year={2013},
  publisher={Springer London}
}

@book{ewens2004mathematical,
  title={Mathematical Population Genetics 1: Theoretical Introduction},
  author={Ewens, W.J.},
  isbn={9780387201917},
  lccn={2003065728},
  series={Interdisciplinary Applied Mathematics},
  url={https://books.google.co.in/books?id=twXIyXyod2MC},
  year={2004},
  publisher={Springer New York}
}
